@article{rodriguez2004meteorologia,
  title={Meteorolog{\'\i}a y climatolog{\'\i}a},
  author={Rodr{\'\i}guez, Rosa and Benito, Agueda and Portela, Adelaida},
  journal={Fundaci{\'o}n espa{\~n}ola para la ciencia y la tecnolog{\'\i}a. Villena Artes Gr{\'a}ficas. Espa{\~n}a},
  pages={12--16},
  year={2004}
}
@article{stull2018practical,
  title={Practical meteorology: an algebra-based survey of atmospheric science},
  author={Stull, Roland B and others},
  year={2018}
}
@article{van2013captacion,
  title={Captaci{\'o}n y almacenamiento de agua de lluvia. Opciones t{\'e}cnicas para la agricultura familiar en Am{\'e}rica Latina y el Caribe},
  author={Van Wambeke, Jan},
  journal={Santiago de Chile},
  year={2013}
}
@article{nickisch2018sistemas,
  title={Sistemas de captaci{\'o}n de agua de lluvia para consumo humano, sin{\'o}nimo de agua segura.},
  author={Nickisch, Mario Bas{\'a}n and S{\'a}nchez, Luciano and Tosolini, Rub{\'e}n and D{\'\i}az, Fabi{\'a}n Tejerina and Jordan, Patricia},
  journal={Aqua-LAC},
  volume={10},
  number={1},
  pages={15--25},
  year={2018}
}
@article{gutierrez2019analisis,
  title={An{\'a}lisis de la variabilidad espacial en la precipitaci{\'o}n en la zona metropolitana de Quer{\'e}taro empleando ecuaciones de anisotrop{\'\i}a},
  author={Guti{\'e}rrez-L{\'o}pez, Alfonso and Fortanell Trejo, Mabel and Albuquerque Gonzalez, Nadia Ingrid and Bravo Prado, Fernando},
  journal={Investigaciones geogr{\'a}ficas},
  number={99},
  year={2019},
  publisher={Instituto de Geograf{\'\i}a, UNAM}
}
@article{rosengaus1995fundamentos,
  title={Fundamentos de radares meteorol{\'o}gicos: aspectos modernos (segunda de dos partes)},
  author={Rosengaus, Michel},
  journal={Tecnolog{\'\i}a y ciencias del agua},
  volume={10},
  number={2},
  pages={59--78},
  year={1995}
}
@article{angeline2016climate,
  title={The Climate Data Guide: GPCP (Monthly): Global Precipitation Climatology Project},
  author={Angeline, Pendergrass},
  journal={National Center for Atmospheric Research Staff (Eds), Last modified},
  volume={2},
  year={2016}
}
@article{hugues2019captacion,
  title={La captaci{\'o}n del agua de lluvia como soluci{\'o}n en el pasado y el presente},
  author={Hugues, Ronnie Torres},
  journal={Ingenier{\'\i}a Hidr{\'a}ulica y Ambiental},
  volume={40},
  number={2},
  pages={125--139},
  year={2019},
  publisher={Centro de Investigaciones Hidr{\'a}ulicas, Instituto Superior Polit{\'e}cnico Jos{\'e}~…}
}
@article{comision2016lineamientos,
  title={Lineamientos t{\'e}cnicos: Sistema de captaci{\'o}n de agua de lluvia con fines de abasto de agua potable a nivel vivienda},
  author={Comisi{\'o}n Nacional del Agua},
  journal={Programa nacional para captaci{\'o}n de agua de lluvia y ecotencias en zonas rurales},
  year={2016},
  publisher={Comisi{\'o}n Nacional del Agua M{\'e}xico, DF, M{\'e}xico}
}
@article{carrillo2002escenarios,
  title={Escenarios para el aprovechamiento sustentable del acu{\'\i}fero del valle de Quer{\'e}taro},
  author={Carrillo, Natalio Guti{\'e}rrez and V{\'e}lez, Enrique Palacios and D{\'\i}az, Salvador Pe{\~n}a and V{\'e}lez, Oscar L Palacios},
  journal={Agrociencia},
  volume={36},
  number={1},
  pages={1--10},
  year={2002},
  publisher={Colegio de Postgraduados}
}
@article{jornada:agua,
  title={Hay sobreconcesión de derechos del líquido en México, reconoce Conagua},
  author={Laureles C., Jared},
  journal={La Jornada},
  year={2021},
  url={https://www.jornada.com.mx/notas/2021/02/10/sociedad/hay-sobreconcesion-de-derechos-del-liquido-en-mexico-reconoce-conagua/}
}
@article{de2019objetivo,
  title={Objetivo 6: Garantizar la disponibilidad de agua y su gesti{\'o}n sostenible y saneamiento para todos},
  author={de Desarrollo Sostenible, Objetivos},
  journal={Recuperado de: https://www. un. org/sustainabledevelopment/es/water-and-sanitation},
  year={2019}
}
@article{mex:procaptar,
  title={Programa Nacional para Captación de Agua de Lluvia y Enotecnias en Zonas Rurales},
  author={Gobierno Federal},
  journal={Comisión Nacional Del Agua},
  url={https://www.gob.mx/conagua/acciones-y-programas/programa-nacional-para-captacion-de-agua-de-lluvia-y-ecotecnias-en-zonas-rurales-procaptar},
  year={2017}
}
@inproceedings{gorgucci2000rainfall,
  title={Rainfall estimation from polarimetric radars: Algorithms immune to variability in mean raindrop shape},
  author={Gorgucci, Eugenio and Scarchilli, Gianfranco and Chandrasekar, V and Bringi, VN},
  booktitle={IGARSS 2000. IEEE 2000 International Geoscience and Remote Sensing Symposium. Taking the Pulse of the Planet: The Role of Remote Sensing in Managing the Environment. Proceedings (Cat. No. 00CH37120)},
  volume={4},
  pages={1590--1592},
  year={2000},
  organization={IEEE}
}
@article{queralt2011agua,
  title={El agua de lluvia como recurso alternativo en el sector de la edificaci{\'o}n: Aqua Espa{\~n}a presenta la Gu{\'\i}a t{\'e}cnica de aprovechamiento de aguas pluviales en edificios},
  author={Queralt, Ram{\'o}n},
  journal={Tecnolog{\'\i}a del agua},
  volume={31},
  number={331},
  pages={90--92},
  year={2011},
  publisher={Reed Business Information}
}
@article{unatsabar2004guia,
  title={Gu{\'\i}a de dise{\~n}o para captaci{\'o}n del agua de lluvia},
  author={UNATSABAR, C},
  journal={Gu{\'\i}a de dise{\~n}o para captaci{\'o}n del agua de lluvia. OPS/CEPIS},
  year={2004}
}
@misc{omm2014guia,
  title={Gu{\'\i}a de instrumentos y m{\'e}todos de observaci{\'o}n meteorol{\'o}gicos},
  author={OMM},
  year={2014},
  publisher={OMM Ginebra (Suiza)}
}