@article{rodriguez2004meteorologia,
  title={Meteorolog{\'\i}a y climatolog{\'\i}a},
  author={Rodr{\'\i}guez, Rosa and Benito, Agueda and Portela, Adelaida},
  journal={Fundaci{\'o}n espa{\~n}ola para la ciencia y la tecnolog{\'\i}a. Villena Artes Gr{\'a}ficas. Espa{\~n}a},
  pages={12--16},
  year={2004}
}
@article{stull2018practical,
  title={Practical meteorology: an algebra-based survey of atmospheric science},
  author={Stull, Roland B and others},
  year={2018}
}
@article{conagua2011estadisticas,
  title={Estad{\'\i}sticas del agua en M{\'e}xico},
  author={CONAGUA, C},
  journal={M{\'e}xico, DF: CONAGUA (2011). Estad{\'\i}sticas del agua en M{\'e}xico. Comisi{\'o}n Nacional del Agua. Reporte},
  year={2011}
}
